@article{small,
author = {Freely, I.P.},
title = {A small paper},
journal = {The journal of small papers},
year = 1997,
volume = {-1},
note = {to appear},
}

@article{big,
author = {Jass, Hugh},
title = {A big paper},
journal = {The journal of big papers},
year = 7991,
volume = {MCMXCVII},
}

@misc{thingiverse_rpi_drone,
     title={{Raspberry Pi Drone (NIACAM: TXSEF 2016-2017) by arks007}},
     url={https://www.thingiverse.com/thing:2269010},
     journal={Thingiverse},
     author={Thingiverse.com},
     year={2017}
}
%
@misc{github_rpi_drone,
    title={{RPi Drone}},
    url={https://github.com/uzgit/rpi_drone},
    journal={GitHub},
    author={Springer, Joshua},
    year={2021}
}